@inproceedings{Sewell:2010,
	Author = {P. Sewell and F. Nardelli and S. Owens and G. Peskine and T. Ridge and S. Sarkar and R. Strnisa},
	Booktitle = {Journal of Functional Programming},
	Number = {1},
	Pages = {71-122},
	Title = {Ott: Effective tool support for the working semanticist},
	Volume = {20},
	Year = {2010}}
	
@ARTICLE{Lambek1958,
    author = {Joachim Lambek},
    title = {The mathematics of sentence structure},
    journal = {AMERICAN MATHEMATICAL MONTHLY},
    year = {1958},
    pages = {154--170}
}	

@InCollection{MoortgatSEP,
	author       =	{Moortgat, Michael},
	title        =	{Typelogical Grammar},
	booktitle    =	{The Stanford Encyclopedia of Philosophy},
	editor       =	{Edward N. Zalta},
	howpublished =	{\url{http://plato.stanford.edu/archives/spr2014/entries/typelogical-grammar/}},
	year         =	{2014},
	edition      =	{Spring 2014},
}

@article{Girard:1987,
	Author = {Jean-Yves Girard},
	Journal = {Theoretical Computer Science},
	Number = {1},
	Pages = {1 - 101},
	Title = {Linear logic},
	Volume = {50},
	Year = {1987}}
